@book{classnotes.1,
    author    = "Jian Liu",
    title     = "SIE 430/530 Engineering Statistics",
	volume    = {1},
    year      = "1993",
    publisher = "Department of Systems and Industrial Engineering",
    address   = "Tucson, Arizona"
}
